@misc{scheveningen2013,
  author = {{DGINS}},
  title = {Scheveningen Memorandum on Big Data and Official Statistics},
  year = {2013},
  howpublished = {\url{https://ec.europa.eu/eurostat/documents/13019146/13237859/Scheveningen-memorandum-27-09-13.pdf/2e730cdc-862f-4f27-bb43-2486c30298b6?t=1401195050000}},
}

@misc{bucharest2018,
  author = {{DGINS}},
  title = {Bucharest Memorandum on Official Statistics in a Datafied Society},
  year = {2018},
  howpublished = {\url{https://ec.europa.eu/eurostat/documents/13019146/13237859/\\The+Bucharest+Memorandum+on+Trusted+Smart+Statistics+FINAL.pdf/7a8f6a8f-9805-e77c-a409-eb55a2b36bce?t=1634144384767}},
}

@article{ashofteh2021data,
  title={Data science training for official statistics: A new scientific paradigm of information and knowledge development in national statistical systems},
  author={Ashofteh, Afshin and Bravo, Jorge M},
  journal={Statistical Journal of the IAOS},
  volume={37},
  number={3},
  pages={771--789},
  year={2021},
  publisher={IOS Press}
}
